                  % !TEX TS-program = XeLaTeX
                  % !TEX encoding = UTF--8 Unicode

@article{qian2013quantum,
title={Quantum phases of strongly interacting Rydberg atoms in triangular lattices},
author={Qian, Jing and Zhou, Lu and Zhang, Weiping},
journal={Physical Review A},
volume={87},
number={6},
year={2013}}

@article{lee2013unconventional,
title={Unconventional Magnetism via Optical Pumping of Interacting Spin Systems},
author={Lee, Tony E and Gopalakrishnan, Sarang and Lukin, Mikhail D},
journal={Physical Review Letters},
volume={110},
number={25},
pages={257204},
year={2013}}

@article{lee2011antiferromagnetic,
title={Antiferromagnetic phase transition in a nonequilibrium lattice of Rydberg atoms},
author={Lee, Tony E and Haffner, H and Cross, M C},
journal={Physical Review A},
volume={84},
number={3},
year={2011}}

@article{chan2015limit-cycle,
title={Limit-cycle phase in driven-dissipative spin systems},
author={Chan, Chingkit and Lee, Tony E and Gopalakrishnan, Sarang},
journal={Physical Review A},
volume={91},
number={5},
year={2015}}

@article{jin2016cluster,
title={Cluster mean-field approach to the steady-state phase diagram of dissipative spin systems},
author={Jin, Jiasen and Biella, Alberto and Viyuela, Oscar and Mazza, Leonardo and Keeling, Jonathan and Fazio, Rosario and Rossini, Davide},
journal={Physical Review X},
volume={6},
number={3},
pages={031011},
year={2016}}


@article{huybrechts2019cluster,
title={Cluster methods for the description of a driven-dissipative spin model},
author={Huybrechts, D and Wouters, M},
journal={Physical Review A},
volume={99},
number={4},
year={2019}}

@article{biella2018linked,
title={Linked cluster expansions for open quantum systems on a lattice},
author={Biella, Alberto and Jin, Jiasen and Viyuela, Oscar and Ciuti, Cristiano and Fazio, Rosario and Rossini, Davide},
journal={Physical Review B},
volume={97},
number={3},
year={2018}}

@article{rota2017critical,
title={Critical behavior of dissipative two-dimensional spin lattices},
author={Rota, R and Storme, F and Bartolo, Nicola and Fazio, Rosario and Ciuti, Cristiano},
journal={Physical Review B},
volume={95},
number={13},
year={2017}}

@article{a2013steady-state,
title={Steady-state phases and tunneling-induced instabilities in the driven dissipative Bose-Hubbard model.},
author={A, Le Boite and Orso, Giuliano and Ciuti, Cristiano},
journal={Physical Review Letters},
volume={110},
number={23},
pages={233601},
year={2013}}

@article{piilo2009open,
title={Open system dynamics with non-Markovian quantum jumps},
author={Piilo, Jyrki and Harkonen, Kari and Maniscalco, Sabrina and Suominen, Kalleantti},
journal={Physical Review A},
volume={79},
number={6},
pages={062112},
year={2009}}

@article{schollwock2005the,
title={The density-matrix renormalization group},
author={Schollwock, U},
journal={Reviews of Modern Physics},
volume={77},
number={1},
pages={259--315},
year={2005}}

@article{chan2016matrix,
title={Matrix product operators, matrix product states, and ab initio density matrix renormalization group algorithms},
author={Chan, Garnet Kinlic and Keselman, Anna and Nakatani, Naoki and Li, Zhendong and White, Steven R},
journal={Journal of Chemical Physics},
volume={145},
number={1},
pages={014102},
year={2016}}

@article{dreyer2018projected,
title={Projected entangled pair states with continuous virtual symmetries},
author={Dreyer, Henrik and Cirac, J Ignacio and Schuch, Norbert},
journal={Physical Review B},
volume={98},
number={11},
year={2018}}


@article{finazzi2015corner-space,
title={Corner-Space Renormalization Method for Driven-Dissipative Two-Dimensional Correlated Systems.},
author={Finazzi, S and Boite, A Le and Storme, F and Baksic, Alexandre and Ciuti, Cristiano},
journal={Physical Review Letters},
volume={115},
number={8},
pages={080604--080604},
year={2015}}

@article{nagy2019variational,
title={Variational Quantum Monte Carlo Method with a Neural-Network Ansatz for Open Quantum Systems},
author={Nagy, Alexandra and Savona, Vincenzo},
journal={Physical Review Letters},
volume={122},
number={25},
pages={250501},
year={2019}}

@article{hartmann2019neural-network,
title={Neural-Network Approach to Dissipative Quantum Many-Body Dynamics},
author={Hartmann, Michael J and Carleo, Giuseppe},
journal={Physical Review Letters},
volume={122},
number={25},
pages={250502},
year={2019}}

@article{vicentini2019variational,
title={Variational Neural-Network Ansatz for Steady States in Open Quantum Systems},
author={Vicentini, Filippo and Biella, Alberto and Regnault, N and Ciuti, Cristiano},
journal={Physical Review Letters},
volume={122},
number={25},
pages={250503},
year={2019}}

@article{yoshioka2019constructing,
title={Constructing neural stationary states for open quantum many-body systems},
author={Yoshioka, Nobuyuki and Hamazaki, Ryusuke},
journal={Physical Review B},
volume={99},
number={21},
pages={214306},
year={2019}}

@article{mehta2014an,
title={An exact mapping between the Variational Renormalization Group and Deep Learning.},
author={Mehta, Pankaj and Schwab, David J},
journal={arXiv: Machine Learning},
year={2014}}

@article{carleo2019machine,
title={Machine learning and the physical sciences},
author={Carleo, Giuseppe and Cirac, Ignacio and Tishby, Naftali and Schuld, Maria and Daudet, Laurent and Cranmer, K and Zdeborova, Lenka and Vogtmaranto, Leslie},
journal={arXiv: Computational Physics},
year={2019}}

@article{lindblad1976on,
title={On the generators of quantum dynamical semigroups},
author={Lindblad, Goran},
journal={Communications in Mathematical Physics},
volume={48},
number={2},
pages={119--130},
year={1976}}

@article{lindblad1979non-markovian,
title={Non-Markovian quantum stochastic processes and their entropy},
author={Lindblad, Goran},
journal={Communications in Mathematical Physics},
volume={65},
number={3},
pages={281--294},
year={1979}}

@book{Breuer,
title={The Theory of Open Quantum Systems},
author={Breuer, H.-P., and F. Petruccione},
year={2002},
publisher={Oxford University Press}
}

@article{breuer2009measure,
title={Measure for the degree of non-Markovian behavior of quantum processes in open systems},
author={Breuer, Heinzpeter and Laine, Elsimari and Piilo, Jyrki},
journal={Physical Review Letters},
volume={103},
number={21},
pages={210401},
year={2009}}

@article{kohn1999nobel,
title={Nobel Lecture: Electronic structure of matter—wave functions and density functionals*},
author={Kohn, W},
journal={Reviews of Modern Physics},
volume={71},
number={5},
pages={1253--1266},
year={1999}}

@article{muller2012engineered,
title={Engineered Open Systems and Quantum Simulations with Atoms and Ions},
author={Muller, Markus and Diehl, Sebastian and Pupillo, Guido and Zoller, P},
journal={Advances in Atomic Molecular and Optical Physics},
volume={61},
pages={1--80},
year={2012}}
@article{houck2012on-chip,
title={On-chip quantum simulation with superconducting circuits},
author={Houck, Andrew and Tureci, Hakan E and Koch, Jens},
journal={Nature Physics},
volume={8},
number={4},
pages={292--299},
year={2012}}

@article{tomadin2010many-body,
title={Many-body phenomena in QED-cavity arrays [Invited]},
author={Tomadin, Andrea and Fazio, Rosario},
journal={Journal of The Optical Society of America B-optical Physics},
volume={27},
number={6},
year={2010}}

@article{bloch2008many-body,
title={Many-Body Physics with Ultracold Gases},
author={Bloch, Immanuel and Dalibard, Jean and Zwerger, Wilhelm},
journal={Reviews of Modern Physics},
volume={80},
number={3},
pages={885--964},
year={2008}}

@article{dyson1969existence,
title={Existence of a phase-transition in a one-dimensional Ising ferromagnet},
author={Dyson, Freeman J},
journal={Communications in Mathematical Physics},
volume={12},
number={2},
pages={91--107},
year={1969}}

@article{vojta2003quantum,
title={Quantum phase transitions},
author={Vojta, Thomas},
journal={arXiv: Condensed Matter},
year={2003}}

@article{chan2015limit-cycle,
title={Limit-cycle phase in driven-dissipative spin systems},
author={Chan, Chingkit and Lee, Tony E and Gopalakrishnan, Sarang},
journal={Physical Review A},
volume={91},
number={5},
year={2015}}

@article{owen2018quantum,
title={Quantum correlations and limit cycles in the driven-dissipative Heisenberg lattice.},
author={Owen, E T and Jin, Jiasen and Rossini, Davide and Fazio, Rosario and Hartmann, Michael J},
journal={New Journal of Physics},
volume={20},
number={4},
pages={045004},
year={2018}}

@article{sacha2018time,
title={Time crystals: a review},
author={Sacha, Krzysztof and Zakrzewski, Jakub},
journal={Reports on Progress in Physics},
volume={81},
number={1},
pages={016401},
year={2018}}

@article{iemini2018boundary,
title={Boundary time crystals},
author={Iemini, Fernando and Russomanno, Angelo and Keeling, Jonathan and Schiro, Marco and Dalmonte, M and Fazio, Rosario},
journal={Physical Review Letters},
volume={121},
number={3},
pages={035301},
year={2018}}

@article{luo2018fidelity,
title={Fidelity susceptibility of the anisotropic XY model: The exact solution},
author={Luo, Qiang and Zhao, Jize and Wang, Xiaoqun},
journal={Physical Review E},
volume={98},
number={2},
year={2018}}

@article{gu2010fidelity,
title={FIDELITY APPROACH TO QUANTUM PHASE TRANSITIONS},
author={Gu, Shijian},
journal={International Journal of Modern Physics B},
volume={24},
number={23},
pages={4371--4458},
year={2010}}

@article{rossini2018ground-state,
title={Ground-state fidelity at first-order quantum transitions},
author={Rossini, Davide and Vicari, Ettore},
journal={Physical Review E},
volume={98},
number={6},
pages={062137},
year={2018}}
@article{zanardi2007bures,
title={Bures metric over thermal state manifolds and quantum criticality},
author={Zanardi, Paolo and Venuti, Lorenzo Campos and Giorda, Paolo},
journal={Physical Review A},
volume={76},
number={6},
pages={062318},
year={2007}}

@article{nandkishore2015many-body,
title={Many-Body Localization and Thermalization in Quantum Statistical Mechanics},
author={Nandkishore, Rahul and Huse, David A},
journal={Annual Review of Condensed Matter Physics},
volume={6},
number={1},
pages={15--38},
year={2015}}

@article{bandyopadhyay2018exploring,
title={Exploring the possibilities of dynamical quantum phase transitions in the presence of a Markovian bath},
author={Bandyopadhyay, Souvik and Laha, Sudarshana and Bhattacharya, Utso and Dutta, Amit},
journal={Scientific Reports},
volume={8},
number={1},
pages={11921--11921},
year={2018}}

@article{fan2017out-of-time-order,
title={Out-of-Time-Order Correlation for Many-Body Localization},
author={Fan, Ruihua and Zhang, Pengfei and Shen, Huitao and Zhai, Hui},
journal={Science Bulletin},
volume={62},
number={10},
pages={707--711},
year={2017}}
@article{zhang2018machine,
title={Machine Learning Topological Invariants with Neural Networks},
author={Zhang, Pengfei and Shen, Huitao and Zhai, Hui},
journal={Physical Review Letters},
volume={120},
number={6},
pages={066401},
year={2018}}

@article{balents2010spin,
title={Spin liquids in frustrated magnets},
author={Balents, Leon},
journal={Nature},
volume={464},
number={7286},
pages={199--208},
year={2010}}

@article{biamonte2017tensor,
title={Tensor Networks in a Nutshell},
author={Biamonte, Jacob and Bergholm, Ville},
journal={arXiv: Quantum Physics},
year={2017}}
@article{devega2017dynamics,
title={Dynamics of non-Markovian open quantum systems},
author={De Vega, Ines and Alonso, Daniel},
journal={Reviews of Modern Physics},
volume={89},
number={1},
pages={58},
year={2017}}
@article{plenio1998the,
title={The quantum-jump approach to dissipative dynamics in quantum optics},
author={Plenio, Martin B and Knight, P L},
journal={Reviews of Modern Physics},
volume={70},
number={1},
pages={101--144},
year={1998}}
@article{amico2008entanglement,
title={Entanglement in many-body systems},
author={Amico, Luigi and Fazio, Rosario and Osterloh, Andreas and Vedral, Vlatko},
journal={Reviews of Modern Physics},
volume={80},
number={2},
pages={517--576},
year={2008}}

@article{leggett1987dynamics,
title={Dynamics of the Dissipative Two-State System},
author={Leggett, Anthony J and Chakravarty, Sudip and Dorsey, Alan T and Fisher, Matthew P A and Garg, Anupam and Zwerger, W},
journal={Reviews of Modern Physics},
volume={59},
number={1},
pages={1--85},
year={1987}}

@article{roulet2018quantum,
title={Quantum Synchronization and Entanglement Generation},
author={Roulet, Alexandre and Bruder, Christoph},
journal={Physical Review Letters},
volume={121},
number={6},
year={2018}}
@article{wilczek2012quantum,
title={Quantum Time Crystals},
author={Wilczek, Frank},
journal={Physical Review Letters},
volume={109},
number={16},
pages={160401},
year={2012}}
@article{mari2013measures,
title={Measures of quantum synchronization in continuous variable systems.},
author={Mari, Andrea and Farace, Alessandro and Didier, Nicolas and Giovannetti, Vittorio and Fazio, Rosario},
journal={Physical Review Letters},
volume={111},
number={10},
pages={103605--103605},
year={2013}}
@article{vicentini2017critical,
title={Critical slowing down in driven-dissipative Bose-Hubbard lattices},
author={Vicentini, Filippo and Minganti, Fabrizio and Rota, R and Orso, Giuliano and Ciuti, Cristiano},
journal={arXiv: Quantum Physics},
year={2017}}
@article{patra2019chaotic,
title={Chaotic synchronization between atomic clocks},
author={Patra, Aniket and Altshuler, B L and Yuzbashyan, Emil A},
journal={Physical Review A},
volume={100},
number={2},
year={2019}}

@article{marino2019a,
title={A cavity-QED simulator of slow and fast scrambling},
author={Marino, Jamir and Rey, Ana Maria},
journal={Physical Review A},
volume={99},
number={5},
year={2019}}

@article{casteels2017critical,
title={Critical dynamical properties of a first-order dissipative phase transition},
author={Casteels, W and Fazio, Rosario and Ciuti, Cristiano},
journal={Physical Review A},
volume={95},
number={1},
pages={012128},
year={2017}}

@article{zarei2019phase,
title={Phase transition in a noisy Kitaev toric code model},
author={Zarei, Mohammad Hossein and Montakhab, Afshin},
journal={Physical Review A},
volume={99},
number={5},
year={2019}}

@article{karpat2019quantum,
title={Quantum synchronization in a collision model},
author={Karpat, Goktug and Yalcinkaya, I and Cakmak, Baris},
journal={Physical Review A},
volume={100},
number={1},
year={2019}}

@article{minganti2018spectral,
title={Spectral theory of Liouvillians for dissipative phase transitions},
author={Minganti, Fabrizio and Biella, Alberto and Bartolo, Nicola and Ciuti, Cristiano},
journal={Physical Review A},
volume={98},
number={4},
year={2018}}

@article{hannukainen2018dissipation-driven,
title={Dissipation-driven quantum phase transitions and symmetry breaking},
author={Hannukainen, Julia and Larson, Jonas},
journal={Physical Review A},
volume={98},
number={4},
year={2018}}

@article{haikka2012non-markovianity,
title={Non-Markovianity, Loschmidt echo, and criticality: A unified picture},
author={Haikka, Pinja and Goold, John and Mcendoo, Suzanne and Plastina, Francesco and Maniscalco, Sabrina},
journal={Physical Review A},
volume={85},
number={6},
pages={060101},
year={2012}}

@article{tu2008non-markovian,
title={Non-Markovian decoherence theory for a double-dot charge qubit},
author={Tu, Matisse Weiyuan and Zhang, Weimin},
journal={Physical Review B},
volume={78},
number={23},
pages={235311},
year={2008}}

@article{onsager1944crystal,
title={Crystal Statistics. I. A Two-Dimensional Model with an Order-Disorder Transition},
author={Onsager, Lars},
journal={Physical Review},
volume={65},
pages={117--149},
year={1944}}
@article{balents2010spin,
title={Spin liquids in frustrated magnets},
author={Balents, Leon},
journal={Nature},
volume={464},
number={7286},
pages={199--208},
year={2010}}
